[gd_scene load_steps=8 format=2]

[ext_resource path="res://objects/buildings/barrel/BarrelExplosion.glb" type="PackedScene" id=1]
[ext_resource path="res://assets/sounds/explode.wav" type="AudioStream" id=2]
[ext_resource path="res://assets/materials/VehicleGlow.tres" type="Material" id=3]
[ext_resource path="res://objects/buildings/barrel/HurtArea.gd" type="Script" id=4]

[sub_resource type="Animation" id=1]
resource_name = "explode"
length = 2.0
tracks/0/type = "value"
tracks/0/path = NodePath(".:visible")
tracks/0/interp = 1
tracks/0/loop_wrap = true
tracks/0/imported = false
tracks/0/enabled = true
tracks/0/keys = {
"times": PoolRealArray( 0, 0.2 ),
"transitions": PoolRealArray( 1, 1 ),
"update": 1,
"values": [ true, false ]
}
tracks/1/type = "audio"
tracks/1/path = NodePath("AudioStreamPlayer3D")
tracks/1/interp = 1
tracks/1/loop_wrap = true
tracks/1/imported = false
tracks/1/enabled = true
tracks/1/keys = {
"clips": [ {
"end_offset": 0.0,
"start_offset": 0.0,
"stream": ExtResource( 2 )
} ],
"times": PoolRealArray( 0 )
}
tracks/2/type = "value"
tracks/2/path = NodePath(".:blend_shapes/Explode")
tracks/2/interp = 1
tracks/2/loop_wrap = true
tracks/2/imported = false
tracks/2/enabled = true
tracks/2/keys = {
"times": PoolRealArray( 0, 0.2 ),
"transitions": PoolRealArray( 1, 1 ),
"update": 0,
"values": [ 0.0, 1.0 ]
}
tracks/3/type = "value"
tracks/3/path = NodePath("../MeshInstance:scale")
tracks/3/interp = 1
tracks/3/loop_wrap = true
tracks/3/imported = false
tracks/3/enabled = true
tracks/3/keys = {
"times": PoolRealArray( 0, 0.2, 0.3 ),
"transitions": PoolRealArray( 1, 1, 1 ),
"update": 0,
"values": [ Vector3( 1, 1, 1 ), Vector3( 10, 10, 10 ), Vector3( 0.1, 0.1, 0.1 ) ]
}
tracks/4/type = "method"
tracks/4/path = NodePath("..")
tracks/4/interp = 1
tracks/4/loop_wrap = true
tracks/4/imported = false
tracks/4/enabled = true
tracks/4/keys = {
"times": PoolRealArray( 1 ),
"transitions": PoolRealArray( 1 ),
"values": [ {
"args": [  ],
"method": "queue_free"
} ]
}

[sub_resource type="SphereMesh" id=2]
radial_segments = 8
rings = 4

[sub_resource type="SphereShape" id=3]
radius = 10.0

[node name="BarrelExplosion" instance=ExtResource( 1 )]

[node name="Barrel" parent="." index="0"]
visible = false
blend_shapes/Explode = 1.0

[node name="AudioStreamPlayer3D" type="AudioStreamPlayer3D" parent="Barrel" index="0"]
stream = ExtResource( 2 )
unit_db = 10.0
unit_size = 5.0

[node name="AnimationPlayer" type="AnimationPlayer" parent="Barrel" index="1"]
autoplay = "explode"
anims/explode = SubResource( 1 )

[node name="MeshInstance" type="MeshInstance" parent="." index="1"]
transform = Transform( 0.1, 0, 0, 0, 0.1, 0, 0, 0, 0.1, 0, 0, 0 )
mesh = SubResource( 2 )
material/0 = ExtResource( 3 )

[node name="HurtArea" type="Area" parent="." index="2"]
script = ExtResource( 4 )

[node name="CollisionShape" type="CollisionShape" parent="HurtArea" index="0"]
shape = SubResource( 3 )
